<record><leader>00000cas a2200000 a 4500</leader><controlfield tag="001">1000054108</controlfield><controlfield tag="006">m     o  |        </controlfield><controlfield tag="007">cr |||||||||||</controlfield><controlfield tag="008">170808d18751875dcuwr neo     0    0eng c</controlfield><datafield ind1=" " ind2=" " tag="010"><subfield code="a">  2017225076</subfield></datafield><datafield ind1=" " ind2=" " tag="040"><subfield code="a">CRL</subfield><subfield code="b">eng</subfield><subfield code="e">pn</subfield><subfield code="c">CRL</subfield><subfield code="d">CRL</subfield><subfield code="d">OCLCF</subfield></datafield><datafield ind1=" " ind2=" " tag="042"><subfield code="a">pcc</subfield></datafield><datafield ind1=" " ind2=" " tag="043"><subfield code="a">n-us-dc</subfield></datafield><datafield ind1="0" ind2=" " tag="130"><subfield code="a">Commoner (Washington, D.C.)</subfield></datafield><datafield ind1="1" ind2="4" tag="245"><subfield code="a">The commoner.</subfield></datafield><datafield ind1=" " ind2=" " tag="260"><subfield code="a">Washington, D.C. :</subfield><subfield code="b">G.W. Williams,</subfield><subfield code="c">1875.</subfield></datafield><datafield ind1=" " ind2=" " tag="300"><subfield code="a">1 online resource</subfield></datafield><datafield ind1=" " ind2=" " tag="310"><subfield code="a">Weekly</subfield></datafield><datafield ind1=" " ind2=" " tag="336"><subfield code="a">text</subfield><subfield code="b">txt</subfield><subfield code="2">rdacontent</subfield></datafield><datafield ind1=" " ind2=" " tag="337"><subfield code="a">computer</subfield><subfield code="b">c</subfield><subfield code="2">rdamedia</subfield></datafield><datafield ind1=" " ind2=" " tag="338"><subfield code="a">online resource</subfield><subfield code="b">cr</subfield><subfield code="2">rdacarrier</subfield></datafield><datafield ind1="0" ind2=" " tag="362"><subfield code="a">Vol. 1, no. 1 (Nov. 6, 1875)-v. 1, no. 7 (Dec. 18, 1875).</subfield></datafield><datafield ind1=" " ind2=" " tag="500"><subfield code="a">"The Commoner shall try to be to the colored people of this country a guide, teacher, defender, and mirror."</subfield></datafield><datafield ind1=" " ind2=" " tag="500"><subfield code="a">Editor: George W. Williams.</subfield></datafield><datafield ind1=" " ind2=" " tag="515"><subfield code="a">Vol. 1, no. 1 (Nov. 6, 1875) issue preceded by two earlier issues bearing the same numbering: Vol. 1, no. 1 (Sept. 4, 1875), and: Vol. 1, no. 1 (Sept. 10, 1875).</subfield></datafield><datafield ind1=" " ind2=" " tag="588"><subfield code="a">Description based primarily on original print version record.</subfield></datafield><datafield ind1=" " ind2="0" tag="650"><subfield code="a">African Americans</subfield><subfield code="v">Newspapers.</subfield></datafield><datafield ind1=" " ind2="0" tag="651"><subfield code="a">Washington (D.C.)</subfield><subfield code="v">Newspapers.</subfield></datafield><datafield ind1=" " ind2="7" tag="650"><subfield code="a">African Americans.</subfield><subfield code="2">fast</subfield><subfield code="0">(OCoLC)fst00799558</subfield></datafield><datafield ind1=" " ind2="7" tag="651"><subfield code="a">Washington (D.C.)</subfield><subfield code="2">fast</subfield><subfield code="0">(OCoLC)fst01204505</subfield></datafield><datafield ind1=" " ind2="7" tag="655"><subfield code="a">Newspapers.</subfield><subfield code="2">fast</subfield><subfield code="0">(OCoLC)fst01423814</subfield></datafield><datafield ind1="1" ind2=" " tag="700"><subfield code="a">Williams, George Washington,</subfield><subfield code="d">1849-1891.</subfield></datafield><datafield ind1=" " ind2=" " tag="752"><subfield code="a">United States</subfield><subfield code="b">District of Columbia</subfield><subfield code="d">Washington.</subfield></datafield><datafield ind1="0" ind2="8" tag="776"><subfield code="i">Microfilm version:</subfield><subfield code="t">Commoner (Washington, D.C.)</subfield><subfield code="d">Cambridge, Mass. : Harvard College Library Imaging Services</subfield><subfield code="w">(OCoLC)62454834</subfield></datafield><datafield ind1="0" ind2="8" tag="776"><subfield code="i">Microfilm version:</subfield><subfield code="t">Commoner (Washington, D.C.)</subfield><subfield code="d">Worcester, MA : American Antiquarian Society</subfield><subfield code="w">(OCoLC)45745662</subfield></datafield><datafield ind1="0" ind2="8" tag="776"><subfield code="i">Print version:</subfield><subfield code="t">Commoner (Washington, D.C.)</subfield><subfield code="w">(DLC)sn 86053473</subfield><subfield code="w">(OCoLC)13712980</subfield></datafield><datafield ind1="4" ind2="0" tag="856"><subfield code="3">Newsbank World Newspaper Archive. Subscription required.</subfield><subfield code="u">http://infoweb.newsbank.com/?db=WHNPX&amp;s_browseRef=decades/1570D90D1086F2E0/all.xml</subfield><subfield code="z">Newsbank World Newspaper Archive. Subscription required.</subfield></datafield></record>